% ---------------------

@misc{repo_cbf,
  author = {{Jes\'us B. V.}},
  title = {{Multi\_C3BF}},
  year = {2023},
  publisher = {GitHub},
  howpublished = {\url{https://github.com/jesusBV20/multi_C3BF}}
}

@misc{repo_ss,
  author = {{Jes\'us B. V.}},
  title = {{MRS-SS\_souce\_seeking}},
  year = {2023},
  publisher = {GitHub},
  howpublished = {\url{https://github.com/jesusBV20/MRS-SS_souce_seeking}}
}

@misc{paparazzi,
  author = {{Paparazzi Team}},
  title = {{Paparazzi UAS}},
  year = {2023},
  publisher = {GitHub},
  howpublished = {\url{https://github.com/paparazzi/paparazzi}}
}

@misc{pull_gcs,
  author = {{Jesús B. V.}},
  title = {{[GVF Viewer] New PprzGCS widget to paint GVF parametric trajectories and vector fields}},
  year = {2023},
  publisher = {GitHub Pull Request},
  howpublished = {\url{https://github.com/paparazzi/PprzGCS/pull/15}}
}

@misc{pull_sr,
  author = {{Jesús B.V}},
  title = {{Rover steering wheel}},
  year = {2023},
  publisher = {GitHub Pull Request},
  howpublished = {\url{https://github.com/paparazzi/paparazzi/pull/2845}}
}

@misc{tfg_antonio,
  author = {Antonio Acuaviva Huertos},
  title = {Control de sistemas multiagente y sus aplicaciones},
  year = {2022},
}

% ---------------------

% The Grand Challenges of Science Robotics
@article{10challenges,
    author = {Guang-Zhong Yang  and Jim Bellingham  and Pierre E. Dupont  and Peer Fischer  and Luciano Floridi  and Robert Full  and Neil Jacobstein  and Vijay Kumar  and Marcia McNutt  and Robert Merrifield  and Bradley J. Nelson  and Brian Scassellati  and Mariarosaria Taddeo  and Russell Taylor  and Manuela Veloso  and Zhong Lin Wang  and Robert Wood },
    title = {{The grand challenges of Science Robotics}},
    journal = {Science Robotics},
    volume = {3},
    number = {14},
    pages = {eaar7650},
    year = {2018},
}

% A Taxonomy of Approaches towards Resilient Multi-Robot Systems
@article{resilient_swarm,
      title={{Beyond Robustness: A Taxonomy of Approaches towards Resilient Multi-Robot Systems}}, 
      author={Amanda Prorok and Matthew Malencia and Luca Carlone and Gaurav S. Sukhatme and Brian M. Sadler and Vijay Kumar},
      year={2021}
}

% Relative location
@article{relative_location,
    title = {A survey of multi-agent formation control},
    author = {Kwang-Kyo Oh and Myoung-Chul Park and Hyo-Sung Ahn},
    journal = {Automatica},
    volume = {53},
    pages = {424-440},
    year = {2015},
    issn = {0005-1098},
    doi = {https://doi.org/10.1016/j.automatica.2014.10.022}
}

% Trajectory tracking
@article{trajectory_tracking,
  author={Aguiar, A. Pedro and Hespanha, JoÃo P.},
  journal={IEEE Transactions on Automatic Control}, 
  title={{Trajectory-Tracking and Path-Following of Underactuated Autonomous Vehicles With Parametric Modeling Uncertainty}}, 
  year={2007},
  volume={52},
  number={8},
  pages={1362-1379},
  doi={10.1109/TAC.2007.902731}
}

% Distributed Formation Control
@article{complex_laplacian,
  author={Lin, Zhiyun and Wang, Lili and Han, Zhimin and Fu, Minyue},
  journal={IEEE Transactions on Automatic Control}, 
  title={{Distributed Formation Control of Multi-Agent Systems Using Complex Laplacian}}, 
  year={2014},
  volume={59},
  number={7},
  pages={1765-1777},
  doi={10.1109/TAC.2014.2309031}
}

@article{C1,
    title = {{Distributed formation maneuver control by manipulating the complex Laplacian}},
    journal = {Automatica},
    volume = {132},
    pages = {109813},
    year = {2021},
    issn = {0005-1098},
    doi = {https://doi.org/10.1016/j.automatica.2021.109813},
    author = {Hector {Garcia de Marina}},
}

@article{R2,
  author={de Marina, Hector Garcia and Jimenez Castellanos, Juan and Yao, Weijia},
  booktitle={2021 60th IEEE Conference on Decision and Control (CDC)}, 
  title={Leaderless collective motions in affine formation control}, 
  year={2021},
  volume={},
  number={},
  pages={6433-6438},
  doi={10.1109/CDC45484.2021.9682800}
}

% CB3Fs
@article{c3bf_car,
      title={Control Barrier Functions in UGVs for Kinematic Obstacle Avoidance: A Collision Cone Approach}, 
      author={Phani Thontepu and Bhavya Giri Goswami and Neelaksh Singh and Shyamsundar P I au2 and Shyam Sundar M G and Suresh Sundaram and Vaibhav Katewa and Shishir Kolathaya},
      year={2023},
}

@article{c3bf_UAV,
      title={Control Barrier Functions in Dynamic UAVs for Kinematic Obstacle Avoidance: A Collision Cone Approach}, 
      author={Manan Tayal and Shishir Kolathaya},
      year={2023},
}

@article{c3bf_arigraft,
author = {Goss, Jennifer and Rajvanshi, Rahul and Subbarao, Kamesh},
year = {2004},
month = {08},
pages = {},
title = {Aircraft Conflict Detection and Resolution Using Mixed Geometric And Collision Cone Approaches},
doi = {10.2514/6.2004-4879}
}

@article{c3bfs_missile,
author = {Bhattacharjee, Diganta and Chakravarthy, Animesh and Subbarao, Kamesh},
title = {Nonlinear Model Predictive Control and Collision-Cone-Based Missile Guidance Algorithm},
journal = {Journal of Guidance, Control, and Dynamics},
volume = {44},
number = {8},
pages = {1481-1497},
year = {2021},
doi = {10.2514/1.G005879},
URL = { 
        https://doi.org/10.2514/1.G005879
},
}

% GitHub: Paparazzi UAS
@misc{github_pprz,
  author = {{Paparazzi Autopilot Team}},
  title = {{Paparazzi UAS}},
  year = {2023},
  publisher = {GitHub},
  journal = {GitHub repository},
  howpublished = {\url{https://github.com/paparazzi/paparazzi}}
}

@misc{github,
  author = {{J. Bautista}},
  title = {{Paparazzi UAS - gvf\_granada}},
  year = {2023},
  publisher = {GitHub},
  journal = {GitHub repository},
  howpublished = {\url{https://github.com/jesusBV20/paparazzi_jesusBV20/tree/gvf_granada}}
}

% Khalil - Lyapunov
@book{khalil,
  title={Nonlinear Systems},
  author={Khalil, H.K.},
  isbn={9780130673893},
  lccn={95045804},
  series={Pearson Education},
  year={2002},
  publisher={Prentice Hall}
}

% Path tracking
@phdthesis{pathtracking,
    title    = {Trajectory tracking for unicycle-type and two-steering-wheels mobile robots},
    school   = {INRIA},
    author   = {{A. Micaelli and C. Samson}},
    year     = {1993},
    type     = {{PhD} dissertation},
}

% Tracking vector field
@article{pathfollow_vectorfield,
    author = {Nelson, D. R. and Barber, D. B. and McLain, T. W. and Beard, R. W.},
    title = {Vector Field Path Following for Miniature Air Vehicles},
    year = {2007},
    issue_date = {June 2007},
    publisher = {IEEE Press},
    volume = {23},
    number = {3},
    issn = {1552-3098},
    doi = {10.1109/TRO.2007.898976},
    journal = {Trans. Rob.},
    month = {jun},
    pages = {519–529},
    numpages = {11},
}

% Path following, distance error
@article{pathfollow_error,
    title = {Adaptive Optimal Path Following for High Wind Flights},
    journal = {IFAC Proceedings Volumes},
    volume = {44},
    number = {1},
    pages = {12985-12990},
    year = {2011},
    note = {18th IFAC World Congress},
    issn = {1474-6670},
    doi = {https://doi.org/10.3182/20110828-6-IT-1002.03720},
    author = {Ashwini Ratnoo and P.B. Sujit and Mangal Kothari},
}

% Car-like robot kinematics (modern robotics)
@inbook{carlike_kinematics,
  title={Modern Robotics: Mechanics, Planning, and Control},
  author={Lynch, K.M. and Park, F.C.},
  isbn={9781316609842},
  lccn={2017302004},
  year={2017},
  publisher={Cambridge University Press},
  pages = {524-525}
}

% GVF brasil
@article{gvf_brasil,
  author={Goncalves, Vinícius M. and Pimenta, Luciano C. A. and Maia, Carlos A. and Dutra, Bruno C. O. and Pereira, Guilherme A. S.},
  journal={IEEE Transactions on Robotics}, 
  title={Vector Fields for Robot Navigation Along Time-Varying Curves in $n$ -Dimensions}, 
  year={2010},
  volume={26},
  number={4},
  pages={647-659},
  doi={10.1109/TRO.2010.2053077}}


% GVF
@inproceedings{gvf_classic,
author = {Garcia de Marina, Hector and Kapitanyuk, Yuri and Bronz, Murat and Hattenberger, Gautier and Cao, Ming},
year = {2017},
month = {05},
pages = {},
title = {Guidance algorithm for smooth trajectory tracking of a fixed wing UAV flying in wind flows},
doi = {10.1109/ICRA.2017.7989674}
}

@article{gvf_parametric,
  author={Yao, Weijia and de Marina, Héctor Garcia and Lin, Bohuan and Cao, Ming},
  journal={IEEE Transactions on Robotics}, 
  title={Singularity-Free Guiding Vector Field for Robot Navigation}, 
  year={2021},
  volume={37},
  number={4},
  pages={1206-1221},
  doi={10.1109/TRO.2020.3043690}}

@article{gvf_formationControl,
  author={Yao, Weijia and de Marina, Héctor García and Sun, Zhiyong and Cao, Ming},
  journal={IEEE Transactions on Robotics}, 
  title={Guiding Vector Fields for the Distributed Motion Coordination of Mobile Robots}, 
  year={2023},
  volume={39},
  number={2},
  pages={1119-1135},
  doi={10.1109/TRO.2022.3224257}}


% Source Seeking --------------------------------------------------------------------------------------------

@article{}

@article{brinon2019multirobot,
  title={Multirobot symmetric formations for gradient and hessian estimation with application to source seeking},
  author={Bri{\~n}{\'o}n-Arranz, Lara and Renzaglia, Alessandro and Schenato, Luca},
  journal={IEEE Transactions on Robotics},
  volume={35},
  number={3},
  pages={782--789},
  year={2019},
  publisher={IEEE}
}

@book{mendenhall2012introduction,
  title={Introduction to probability and statistics},
  author={Mendenhall, William and Beaver, Robert J and Beaver, Barbara M},
  year={2012},
  publisher={Cengage Learning}
}


@article{clauset2009power,
  title={Power-law distributions in empirical data},
  author={Clauset, Aaron and Shalizi, Cosma Rohilla and Newman, Mark EJ},
  journal={SIAM review},
  volume={51},
  number={4},
  pages={661--703},
  year={2009},
  publisher={SIAM}
}

@article{kapitanyuk2017guiding,
  title={A guiding vector-field algorithm for path-following control of nonholonomic mobile robots},
  author={Kapitanyuk, Yuri A and Proskurnikov, Anton V and Cao, Ming},
  journal={IEEE Transactions on Control Systems Technology},
  volume={26},
  number={4},
  pages={1372--1385},
  year={2017},
  publisher={IEEE}
}

@article{yao2022guiding,
  title={Guiding vector fields for the distributed motion coordination of mobile robots},
  author={Yao, Weijia and de Marina, H{\'e}ctor Garc{\'\i}a and Sun, Zhiyong and Cao, Ming},
  journal={IEEE Transactions on Robotics},
  year={2022},
  publisher={IEEE}
}


@article{yao2021singularity,
  title={Singularity-free guiding vector field for robot navigation},
  author={Yao, Weijia and de Marina, H{\'e}ctor Garcia and Lin, Bohuan and Cao, Ming},
  journal={IEEE Transactions on Robotics},
  volume={37},
  number={4},
  pages={1206--1221},
  year={2021},
  publisher={IEEE}
}

@article{zhang2011optimal,
  title={Optimal design for synchronization of cooperative systems: state feedback, observer and output feedback},
  author={Zhang, Hongwei and Lewis, Frank L and Das, Abhijit},
  journal={IEEE Transactions on Automatic Control},
  volume={56},
  number={8},
  pages={1948--1952},
  year={2011},
  publisher={IEEE}
}

@article{sun2018circular,
  title={Circular formation control of multiple unicycle-type agents with nonidentical constant speeds},
  author={Sun, Zhiyong and de Marina, Hector Garcia and Seyboth, Georg S and Anderson, Brian DO and Yu, Changbin},
  journal={IEEE Transactions on Control Systems Technology},
  volume={27},
  number={1},
  pages={192--205},
  year={2018},
  publisher={IEEE}
}


@article{yang2018distributed,
  title={Distributed formation tracking using local coordinate systems},
  author={Yang, Qingkai and Cao, Ming and de Marina, Hector Garcia and Fang, Hao and Chen, Jie},
  journal={Systems \& Control Letters},
  volume={111},
  pages={70--78},
  year={2018},
  publisher={Elsevier}
}

@article{de2020maneuvering,
  title={Maneuvering and robustness issues in undirected displacement-consensus-based formation control},
  author={de Marina, Hector Garcia},
  journal={IEEE Transactions on Automatic Control},
  volume={66},
  number={7},
  pages={3370--3377},
  year={2020},
  publisher={IEEE}
}

@article{cortes2004coverage,
  title={Coverage control for mobile sensing networks},
  author={Cortes, Jorge and Martinez, Sonia and Karatas, Timur and Bullo, Francesco},
  journal={IEEE Transactions on robotics and Automation},
  volume={20},
  number={2},
  pages={243--255},
  year={2004},
  publisher={IEEE}
}

@article{barogh2017cooperative,
  title={Cooperative source seeking with distance-based formation control and non-holonomic agents},
  author={Barogh, Siavash Ahmadi and Werner, Herbert},
  journal={IFAC-PapersOnLine},
  volume={50},
  number={1},
  pages={7917--7922},
  year={2017},
  publisher={Elsevier}
}

@book{bullo2020lectures,
  title={Lectures on network systems},
  author={Bullo, Francesco},
  volume={1},
  year={2020},
  publisher={Kindle Direct Publishing}
}


@article{leonard2007collective,
  title={Collective motion, sensor networks, and ocean sampling},
  author={Leonard, Naomi Ehrich and Paley, Derek A and Lekien, Francois and Sepulchre, Rodolphe and Fratantoni, David M and Davis, Russ E},
  journal={Proceedings of the IEEE},
  volume={95},
  number={1},
  pages={48--74},
  year={2007},
  publisher={IEEE}
}

@article{fabbiano2016distributed,
  title={Distributed source seeking without global position information},
  author={Fabbiano, Ruggero and Garin, Federica and Canudas-de-Wit, Carlos},
  journal={IEEE Transactions on Control of Network Systems},
  volume={5},
  number={1},
  pages={228--238},
  year={2016},
  publisher={IEEE}
}


@article{dorigo2021swarm,
  title={Swarm robotics: Past, present, and future [point of view]},
  author={Dorigo, Marco and Theraulaz, Guy and Trianni, Vito},
  journal={Proceedings of the IEEE},
  volume={109},
  number={7},
  pages={1152--1165},
  year={2021}
}

@article{oh2015survey,
  title={A survey of multi-agent formation control},
  author={Oh, Kwang-Kyo and Park, Myoung-Chul and Ahn, Hyo-Sung},
  journal={Automatica},
  volume={53},
  pages={424--440},
  year={2015},
  publisher={Elsevier}
}

@article{olfati2004consensus,
  title={Consensus problems in networks of agents with switching topology and time-delays},
  author={Olfati-Saber, Reza and Murray, Richard M},
  journal={IEEE Transactions on automatic control},
  volume={49},
  number={9},
  pages={1520--1533},
  year={2004},
  publisher={IEEE}
}


@article{mcguire2019minimal,
  title={Minimal navigation solution for a swarm of tiny flying robots to explore an unknown environment},
  author={McGuire, KN and De Wagter, Christophe and Tuyls, Karl and Kappen, HJ and de Croon, Guido CHE},
  journal={Science Robotics},
  volume={4},
  number={35},
  pages={eaaw9710},
  year={2019},
  publisher={American Association for the Advancement of Science}
}

@inproceedings{twigg2012rss,
  title={RSS gradient-assisted frontier exploration and radio source localization},
  author={Twigg, Jeffrey N and Fink, Jonathan R and Paul, L Yu and Sadler, Brian M},
  booktitle={2012 IEEE International Conference on Robotics and Automation},
  pages={889--895},
  year={2012},
  organization={IEEE}
}



@article{brambilla2013swarm,
  title={Swarm robotics: a review from the swarm engineering perspective},
  author={Brambilla, Manuele and Ferrante, Eliseo and Birattari, Mauro and Dorigo, Marco},
  journal={Swarm Intelligence},
  volume={7},
  pages={1--41},
  year={2013},
  publisher={Springer}
}

@inproceedings{rosero2014cooperative,
  title={Cooperative source seeking via gradient estimation and formation control},
  author={Rosero, Esteban and Werner, Herbert},
  booktitle={2014 UKACC International Conference on Control (CONTROL)},
  pages={634--639},
  year={2014},
  organization={IEEE}
}

@inproceedings{de2017guidance,
  title={Guidance algorithm for smooth trajectory tracking of a fixed wing UAV flying in wind flows},
  author={De Marina, Hector Garcia and Kapitanyuk, Yuri A and Bronz, Murat and Hattenberger, Gautier and Cao, Ming},
  booktitle={2017 IEEE international conference on robotics and automation (ICRA)},
  pages={5740--5745},
  year={2017},
  organization={IEEE}
}

@article{al2021distributed,
  title={A distributed active perception strategy for source seeking and level curve tracking},
  author={Al-Abri, Said and Zhang, Fumin},
  journal={IEEE Transactions on Automatic Control},
  volume={67},
  number={5},
  pages={2459--2465},
  year={2021},
  publisher={IEEE}
}

@article{cochran2009nonholonomic,
  title={Nonholonomic source seeking with tuning of angular velocity},
  author={Cochran, Jennie and Krstic, Miroslav},
  journal={IEEE Transactions on Automatic Control},
  volume={54},
  number={4},
  pages={717--731},
  year={2009},
  publisher={IEEE}
}

@article{cochran20093,
  title={3-d source seeking for underactuated vehicles without position measurement},
  author={Cochran, Jennie and Siranosian, Antranik and Ghods, Nima and Krstic, Miroslav},
  journal={IEEE Transactions on Robotics},
  volume={25},
  number={1},
  pages={117--129},
  year={2009},
  publisher={IEEE}
}



@article{li2020cooperative,
  title={Cooperative source seeking via networked multi-vehicle systems},
  author={Li, Zhuo and You, Keyou and Song, Shiji},
  journal={Automatica},
  volume={115},
  pages={108853},
  year={2020},
  publisher={Elsevier}
}


@article{brinon2019circular,
  title={Circular formation control for cooperative target tracking with limited information},
  author={Bri{\~n}{\'o}n-Arranz, Lara and Seuret, Alexandre and Pascoal, Antonio},
  journal={Journal of the Franklin Institute},
  volume={356},
  number={4},
  pages={1771--1788},
  year={2019},
  publisher={Elsevier}
}

@book{ExistenciaYunicidad,
  title={Nonlinear systems},
  author={H. Khalil},
  year={1996},
  publisher={Englewood Cliffs, NJ: Prentice-Hall}
}

@book{arnold1992ordinary,
  title={Ordinary differential equations},
  author={Arnold, Vladimir I},
  year={1992},
  publisher={Springer Science \& Business Media}
}

@article{bertsekas2000gradient,
  title={Gradient convergence in gradient methods with errors},
  author={Bertsekas, Dimitri P and Tsitsiklis, John N},
  journal={SIAM Journal on Optimization},
  volume={10},
  number={3},
  pages={627--642},
  year={2000},
  publisher={SIAM}
}


@book{nikravesh2018nonlinear,
  title={Nonlinear systems stability analysis: Lyapunov-based approach},
  author={Nikravesh, Seyed Kamaleddin Yadavar},
  year={2018},
  publisher={CRC Press}
}

@book{khalil2015nonlinear,
  title={Nonlinear control},
  author={Khalil, Hassan K},
  volume={406},
  year={2015},
  publisher={Pearson New York}
}


@article{ogren2004cooperative,
  title={Cooperative control of mobile sensor networks: Adaptive gradient climbing in a distributed environment},
  author={Ogren, Petter and Fiorelli, Edward and Leonard, Naomi Ehrich},
  journal={IEEE Transactions on Automatic control},
  volume={49},
  number={8},
  pages={1292--1302},
  year={2004},
  publisher={IEEE}
}

@article{kumar2004robot,
  title={Robot and sensor networks for first responders},
  author={Kumar, Vijay and Rus, Daniela and Singh, Sanjiv},
  journal={IEEE Pervasive computing},
  volume={3},
  number={4},
  pages={24--33},
  year={2004},
  publisher={IEEE}
}

@article{marques2006particle,
  title={Particle swarm-based olfactory guided search},
  author={Marques, Lino and Nunes, Urbano and de Almeida, Anibal T},
  journal={Autonomous Robots},
  volume={20},
  number={3},
  pages={277--287},
  year={2006},
  publisher={Springer}
}

@article{zhang2008maximum,
  title={Maximum likelihood sound source localization and beamforming for directional microphone arrays in distributed meetings},
  author={Zhang, Cha and Flor{\^e}ncio, Dinei and Ba, Demba E and Zhang, Zhengyou},
  journal={IEEE Transactions on Multimedia},
  volume={10},
  number={3},
  pages={538--548},
  year={2008},
  publisher={IEEE}
}

@article{li2006moth,
  title={Moth-inspired chemical plume tracing on an autonomous underwater vehicle},
  author={Li, Wei and Farrell, Jay A and Pang, Shuo and Arrieta, Richard M},
  journal={IEEE Transactions on Robotics},
  volume={22},
  number={2},
  pages={292--307},
  year={2006},
  publisher={IEEE}
}

@inproceedings{bachmayer2002vehicle,
  title={Vehicle networks for gradient descent in a sampled environment},
  author={Bachmayer, Ralf and Leonard, Naomi Ehrich},
  booktitle={Proceedings of the 41st IEEE Conference on Decision and Control, 2002.},
  volume={1},
  pages={112--117},
  year={2002},
  organization={IEEE}
}

@article{brinon2015distributed,
  title={Distributed source seeking via a circular formation of agents under communication constraints},
  author={Bri{\~n}{\'o}n-Arranz, Lara and Schenato, Luca and Seuret, Alexandre},
  journal={IEEE Transactions on Control of Network Systems},
  volume={3},
  number={2},
  pages={104--115},
  year={2015},
  publisher={IEEE}
}


@misc{valasek2013small,
  title={Small unmanned aircraft: theory and practice},
  author={Valasek, John},
  year={2013},
  publisher={American Institute of Aeronautics and Astronautics}
}

@inproceedings{morin2004trajectory,
  title={Trajectory tracking for non-holonomic vehicles: overview and case study},
  author={Morin, Pascal and Samson, Claude},
  booktitle={Proceedings of the Fourth International Workshop on Robot Motion and Control (IEEE Cat. No. 04EX891)},
  pages={139--153},
  year={2004},
  organization={IEEE}
}

@article{fossen1999guidance,
  title={Guidance and control of ocean vehicles},
  author={Fossen, Thor I},
  journal={University of Trondheim, Norway, Printed by John Wiley \& Sons, Chichester, England, ISBN: 0 471 94113 1, Doctors Thesis},
  year={1999}
}

@article{akhtar2015path,
  title={Path following using dynamic transverse feedback linearization for car-like robots},
  author={Akhtar, Adeel and Nielsen, Christopher and Waslander, Steven L},
  journal={IEEE Transactions on Robotics},
  volume={31},
  number={2},
  pages={269--279},
  year={2015},
  publisher={IEEE}
}

@article{yang2018grand,
  title={The grand challenges of Science Robotics},
  author={Yang, Guang-Zhong and Bellingham, Jim and Dupont, Pierre E and Fischer, Peer and Floridi, Luciano and Full, Robert and Jacobstein, Neil and Kumar, Vijay and McNutt, Marcia and Merrifield, Robert and others},
  journal={Science robotics},
  volume={3},
  number={14},
  pages={eaar7650},
  year={2018},
  publisher={American Association for the Advancement of Science}
}

@article{DORMAND198019,
title = {A family of embedded Runge-Kutta formulae},
journal = {Journal of Computational and Applied Mathematics},
volume = {6},
number = {1},
pages = {19-26},
year = {1980},
issn = {0377-0427},
doi = {https://doi.org/10.1016/0771-050X(80)90013-3},
author = {J.R. Dormand and P.J. Prince},
abstract = {A family of embedded Runge-Kutta formulae RK5 (4) are derived. From these are presented formulae which have (a) ‘small’ principal truncation terms in the fifth order and (b) extended regions of absolute stability.}
}

@Book{WalterRudin1976Principles,
  title     = {Principles of mathematical analysis},
  publisher = {McGraw-hill New York},
  year      = {1976},
  author    = {Walter Rudin},
  edition   = {3},
}

}